<?xml version="1.0" encoding="UTF-8"?><collection xmlns="info:lc/xmlns/marcxchange-v2" xsi:schemaLocation="info:lc/xmlns/marcxchange-v2 http://www.loc.gov/standards/iso25577/marcxchange-2-0.xsd" xmlns:xsi="http://www.w3.org/2001/XMLSchema-instance"><record format="MARC21" type="Bibliographic"><leader>00000cam a2200421Ia 4500</leader><controlfield tag="001">ocm63111280 </controlfield><controlfield tag="003">OCoLC</controlfield><controlfield tag="005">20150710113452.0</controlfield><controlfield tag="008">060119s2005    ch a     b    000 0 chi d</controlfield><datafield ind2=" " ind1=" " tag="040"><subfield code="a">KKU</subfield><subfield code="b">eng</subfield><subfield code="c">KKU</subfield><subfield code="d">OCLCG</subfield><subfield code="d">OCLCF</subfield><subfield code="d">OCLCO</subfield><subfield code="d">OCLCQ</subfield></datafield><datafield ind2=" " ind1=" " tag="020"><subfield code="a">9867271033</subfield></datafield><datafield ind2=" " ind1=" " tag="020"><subfield code="a">9789867271037</subfield></datafield><datafield ind2=" " ind1="1" tag="029"><subfield code="a">GEBAY</subfield><subfield code="b">10724576</subfield></datafield><datafield ind2=" " ind1=" " tag="035"><subfield code="a">(OCoLC)63111280</subfield></datafield><datafield ind2=" " ind1=" " tag="043"><subfield code="a">a-ja---</subfield><subfield code="a">a-cc---</subfield></datafield><datafield ind2="4" ind1=" " tag="050"><subfield code="a">DS821.5.C5</subfield><subfield code="b">Y4 2005</subfield></datafield><datafield ind2=" " ind1=" " tag="049"><subfield code="a">VA@@</subfield></datafield><datafield ind2=" " ind1="1" tag="100"><subfield code="6">880-01</subfield><subfield code="a">Ye, Hanao,</subfield><subfield code="d">1952-</subfield></datafield><datafield ind2="0" ind1="1" tag="245"><subfield code="6">880-02</subfield><subfield code="a">Riben min su, xin yang, yi neng, yu Zhongguo wen hua /</subfield><subfield code="c">Ye Hanao zhu.</subfield></datafield><datafield ind2=" " ind1=" " tag="260"><subfield code="6">880-03</subfield><subfield code="a">Taibei Shi :</subfield><subfield code="b">Da xin shu ju,</subfield><subfield code="c">[2005]</subfield></datafield><datafield ind2=" " ind1=" " tag="300"><subfield code="a">5, xiv, 332 pages :</subfield><subfield code="b">illustrations (some color) ;</subfield><subfield code="c">21 cm</subfield></datafield><datafield ind2=" " ind1=" " tag="336"><subfield code="a">text</subfield><subfield code="b">txt</subfield><subfield code="2">rdacontent</subfield></datafield><datafield ind2=" " ind1=" " tag="337"><subfield code="a">unmediated</subfield><subfield code="b">n</subfield><subfield code="2">rdamedia</subfield></datafield><datafield ind2=" " ind1=" " tag="338"><subfield code="a">volume</subfield><subfield code="b">nc</subfield><subfield code="2">rdacarrier</subfield></datafield><datafield ind2=" " ind1=" " tag="504"><subfield code="a">Includes bibliographical references.</subfield></datafield><datafield ind2="0" ind1=" " tag="651"><subfield code="a">Japan</subfield><subfield code="x">Social life and customs.</subfield></datafield><datafield ind2="0" ind1=" " tag="651"><subfield code="a">China</subfield><subfield code="x">Social life and customs.</subfield></datafield><datafield ind2="0" ind1=" " tag="651"><subfield code="a">Japan</subfield><subfield code="x">Civilization</subfield><subfield code="x">Chinese influences.</subfield></datafield><datafield ind2="7" ind1=" " tag="650"><subfield code="a">Civilization</subfield><subfield code="x">Chinese influences.</subfield><subfield code="2">fast</subfield><subfield code="0">(OCoLC)fst00862903</subfield></datafield><datafield ind2="7" ind1=" " tag="650"><subfield code="a">Manners and customs.</subfield><subfield code="2">fast</subfield><subfield code="0">(OCoLC)fst01007815</subfield></datafield><datafield ind2="7" ind1=" " tag="651"><subfield code="a">China.</subfield><subfield code="2">fast</subfield><subfield code="0">(OCoLC)fst01206073</subfield></datafield><datafield ind2="7" ind1=" " tag="651"><subfield code="a">Japan.</subfield><subfield code="2">fast</subfield><subfield code="0">(OCoLC)fst01204082</subfield></datafield><datafield ind2="8" ind1="0" tag="776"><subfield code="i">Online version:</subfield><subfield code="a">Ye, Hanao, 1952-</subfield><subfield code="t">Riben min su, xin yang, yi neng, yu Zhongguo wen hua.</subfield><subfield code="d">Taibei Shi : Da xin shu ju, [2005]</subfield><subfield code="w">(OCoLC)654474548</subfield></datafield><datafield ind2=" " ind1="1" tag="880"><subfield code="6">100-01</subfield><subfield code="a">葉漢鰲,</subfield><subfield code="d">1952-</subfield></datafield><datafield ind2="0" ind1="1" tag="880"><subfield code="6">245-02</subfield><subfield code="a">日本民俗·信仰·藝能·與中國文化 /</subfield><subfield code="c">葉漢鰲著.</subfield></datafield><datafield ind2="4" ind1="1" tag="880"><subfield code="6">246-00</subfield><subfield code="a">日本民俗信仰藝能與中國文化</subfield></datafield><datafield ind2=" " ind1=" " tag="880"><subfield code="6">260-03</subfield><subfield code="a">台北市 :</subfield><subfield code="b">大新書局,</subfield><subfield code="c">[2005]</subfield></datafield><datafield ind2=" " ind1=" " tag="994"><subfield code="a">C0</subfield><subfield code="b">VA@</subfield></datafield></record></collection>